<collection xmlns="http://www.loc.gov/MARC21/slim">
<record>
  <leader>04061nam0a2200589 i 450 </leader>
  <controlfield tag="001">IT\ICCU\CNCE\078296</controlfield>
  <controlfield tag="005">20160607000000.0</controlfield>
  <datafield tag="012" ind1=" " ind2=" ">
    <subfield code="a">a-o- n-g- o.eo tuan (C) 1589 (R)</subfield>
    <subfield code="2">fei</subfield>
  </datafield>
  <datafield tag="100" ind1=" " ind2=" ">
    <subfield code="a">20131210d1589        0itac0103    ba</subfield>
  </datafield>
  <datafield tag="101" ind1=" " ind2=" ">
    <subfield code="a">LAT</subfield>
    <subfield code="a">ITA</subfield>
  </datafield>
  <datafield tag="102" ind1=" " ind2=" ">
    <subfield code="a">IT</subfield>
  </datafield>
  <datafield tag="200" ind1="1" ind2=" ">
    <subfield code="a">Vaticinia, siue Prophetiae abbatis Ioachimi, &amp; Anselmi episcopi Marsicani, cum imaginibus aere incisis, correctione, et pulcritudine, plurium manuscriptorum exemplarium opere, et uariarum imaginum tabulis, et delineationibus alijs antehac impressis longe praestantiora. Quibus rota, et oraculum Turcicum maxime considerationis adiecta sunt. Vna cum praefatione, et adnotationibus Paschalini Regiselmi. Vaticinii, ouero Profetie dell&apos;abbate Gioachino, &amp; di Anselmo vescouo di Marsico, con l&apos;imagini intagliate in rame, di correttione, et uaghezza maggiore, che gl&apos;altri sin hora stampati, per l&apos;aggiuto \!! di molti exemplari ... A qualli  ̈aggionta una ruota, et un&apos;oracolo turchesco ... Insieme con la prefatione et annotationi di Pasqualino Regiselmo</subfield>
  </datafield>
  <datafield tag="210" ind1=" " ind2=" ">
    <subfield code="a">Venetiis</subfield>
    <subfield code="c">apud Hieronymum Porrum</subfield>
    <subfield code="d">1589</subfield>
  </datafield>
  <datafield tag="215" ind1=" " ind2=" ">
    <subfield code="a">\72! c.</subfield>
    <subfield code="c">ill. calcogr.</subfield>
    <subfield code="d">4ʻ</subfield>
  </datafield>
  <datafield tag="300" ind1=" " ind2=" ">
    <subfield code="a">Opera di incerto autore, attribuita a Gioacchino da Fiore. - Nelle testate interne compare la marca U895 attribuita a Giorgio Angelieri. - Esistono altre due edizioni ricomposte linea per linea</subfield>
  </datafield>
  <datafield tag="500" ind1="1" ind2="1">
    <subfield code="3">IT\ICCU\CNCE\052000</subfield>
    <subfield code="a">Prophetiae de papis</subfield>
  </datafield>
  <datafield tag="620" ind1=" " ind2=" ">
    <subfield code="a">IT</subfield>
    <subfield code="d">Venezia</subfield>
  </datafield>
  <datafield tag="702" ind1=" " ind2="0">
    <subfield code="a">Ioachim</subfield>
    <subfield code="c"> &lt;abbas Florensis&gt;</subfield>
    <subfield code="3">IT\ICCU\CNCA\006621</subfield>
  </datafield>
  <datafield tag="702" ind1=" " ind2="1">
    <subfield code="a">Regiselmo,</subfield>
    <subfield code="b">Pasqualino</subfield>
    <subfield code="3">IT\ICCU\CNCA\009615</subfield>
  </datafield>
  <datafield tag="702" ind1=" " ind2="0">
    <subfield code="a">Anselmo</subfield>
    <subfield code="3">IT\ICCU\CNCA\011671</subfield>
  </datafield>
  <datafield tag="712" ind1="0" ind2="0">
    <subfield code="a">Porro, Girolamo</subfield>
    <subfield code="3">IT\ICCU\CNCT\000899</subfield>
    <subfield code="4">650</subfield>
  </datafield>
  <datafield tag="712" ind1="0" ind2="0">
    <subfield code="a">Angelieri, Giorgio</subfield>
    <subfield code="3">IT\ICCU\CNCT\000385</subfield>
    <subfield code="4">650</subfield>
  </datafield>
  <datafield tag="790" ind1=" " ind2="0">
    <subfield code="a">Gioacchino</subfield>
    <subfield code="c"> : da#Fiore</subfield>
    <subfield code="3">IT\ICCU\CNCA\018770</subfield>
    <subfield code="z">Ioachim &lt;abbas Florensis&gt;</subfield>
  </datafield>
  <datafield tag="790" ind1=" " ind2="1">
    <subfield code="a">Fiore,</subfield>
    <subfield code="b">Gioacchino : de</subfield>
    <subfield code="3">IT\ICCU\CNCA\020118</subfield>
    <subfield code="z">Ioachim &lt;abbas Florensis&gt;</subfield>
  </datafield>
  <datafield tag="790" ind1=" " ind2="1">
    <subfield code="a">Regiselmus,</subfield>
    <subfield code="b">Paschalinus</subfield>
    <subfield code="3">IT\ICCU\CNCA\023431</subfield>
    <subfield code="z">Regiselmo, Pasqualino</subfield>
  </datafield>
  <datafield tag="790" ind1=" " ind2="0">
    <subfield code="a">Anselmus</subfield>
    <subfield code="3">IT\ICCU\CNCA\028048</subfield>
    <subfield code="z">Anselmo</subfield>
  </datafield>
  <datafield tag="791" ind1="0" ind2="0">
    <subfield code="a">Porrus, Hieronymus</subfield>
    <subfield code="3">IT\ICCU\CNCT\005471</subfield>
    <subfield code="z">Porro, Girolamo</subfield>
  </datafield>
  <datafield tag="791" ind1="0" ind2="0">
    <subfield code="a">Angelerius, Georgius</subfield>
    <subfield code="3">IT\ICCU\CNCT\004246</subfield>
    <subfield code="z">Angelieri, Giorgio</subfield>
  </datafield>
  <datafield tag="801" ind1=" " ind2="3">
    <subfield code="a">IT</subfield>
    <subfield code="b">ICCU</subfield>
    <subfield code="c">20201115</subfield>
  </datafield>
  <datafield tag="899" ind1=" " ind2=" ">
    <subfield code="a">Biblioteca del Seminario vescovile. Casale Monferrato</subfield>
    <subfield code="z">MUTILO</subfield>
    <subfield code="1">AL0024</subfield>
    <subfield code="2">TO0 L2</subfield>
  </datafield>
  <datafield tag="899" ind1=" " ind2=" ">
    <subfield code="a">Biblioteca comunale dell&apos;Archiginnasio. Bologna</subfield>
    <subfield code="1">BO0304</subfield>
    <subfield code="2">UBO GA</subfield>
  </datafield>
  <datafield tag="899" ind1=" " ind2=" ">
    <subfield code="a"></subfield>
    <subfield code="1">BS0156</subfield>
    <subfield code="2">ZBS 07</subfield>
  </datafield>
  <datafield tag="899" ind1=" " ind2=" ">
    <subfield code="a">Biblioteca civica Berio. Genova</subfield>
    <subfield code="1">GE0036</subfield>
    <subfield code="2">SGE BE</subfield>
  </datafield>
  <datafield tag="899" ind1=" " ind2=" ">
    <subfield code="a">Biblioteca Durazzo. Genova</subfield>
    <subfield code="1">GE0047</subfield>
    <subfield code="2">ZGE 24</subfield>
  </datafield>
  <datafield tag="899" ind1=" " ind2=" ">
    <subfield code="a">Biblioteca del Seminario Vescovile della Facolt ̉Teologica del Triveneto dell&apos;Istituto Filosofico Aloisianum. Padova</subfield>
    <subfield code="1">PD0073</subfield>
    <subfield code="2">PUV 01</subfield>
  </datafield>
  <datafield tag="899" ind1=" " ind2=" ">
    <subfield code="a">Biblioteca comunale. Assisi</subfield>
    <subfield code="1">PG0001</subfield>
    <subfield code="2">UM1 10</subfield>
  </datafield>
  <datafield tag="899" ind1=" " ind2=" ">
    <subfield code="a">Biblioteca comunale Sperelliana. Gubbio</subfield>
    <subfield code="1">PG0049</subfield>
    <subfield code="2">UM1 11</subfield>
  </datafield>
  <datafield tag="899" ind1=" " ind2=" ">
    <subfield code="a">Biblioteca universitaria. Pisa</subfield>
    <subfield code="1">PI0112</subfield>
    <subfield code="2">PIS R1</subfield>
  </datafield>
  <datafield tag="899" ind1=" " ind2=" ">
    <subfield code="a">Biblioteca comunale Carlo Magnani. Pescia</subfield>
    <subfield code="1">PT0015</subfield>
    <subfield code="2">RT1 IO</subfield>
  </datafield>
  <datafield tag="899" ind1=" " ind2=" ">
    <subfield code="a">Biblioteca universitaria. Pavia</subfield>
    <subfield code="1">PV0291</subfield>
    <subfield code="2">MIL UP</subfield>
  </datafield>
  <datafield tag="899" ind1=" " ind2=" ">
    <subfield code="a">Biblioteca Angelica. Roma</subfield>
    <subfield code="1">RM0290</subfield>
    <subfield code="2">RML 06</subfield>
  </datafield>
  <datafield tag="899" ind1=" " ind2=" ">
    <subfield code="a">Biblioteca Casanatense. Roma</subfield>
    <subfield code="1">RM0313</subfield>
    <subfield code="2">RML 07</subfield>
  </datafield>
  <datafield tag="899" ind1=" " ind2=" ">
    <subfield code="a">Biblioteca comunale degli Intronati. Siena</subfield>
    <subfield code="1">SI0046</subfield>
    <subfield code="2">RT1 QI</subfield>
  </datafield>
  <datafield tag="899" ind1=" " ind2=" ">
    <subfield code="a">Biblioteca Diocesana Vigilianum. Trento</subfield>
    <subfield code="1">TN0132</subfield>
    <subfield code="2">ZTN 10</subfield>
  </datafield>
  <datafield tag="899" ind1=" " ind2=" ">
    <subfield code="a">Biblioteca comunale Leonardo Centonze. Castelvetrano</subfield>
    <subfield code="1">TP0059</subfield>
    <subfield code="2">TPS CV</subfield>
  </datafield>
  <datafield tag="899" ind1=" " ind2=" ">
    <subfield code="a">Nuova biblioteca pubblica Luigi Fumi. Orvieto</subfield>
    <subfield code="1">TR0022</subfield>
    <subfield code="2">UM1 06</subfield>
  </datafield>
  <datafield tag="899" ind1=" " ind2=" ">
    <subfield code="a">Biblioteca nazionale Marciana. Venezia</subfield>
    <subfield code="1">VE0049</subfield>
    <subfield code="2">VEA BM</subfield>
  </datafield>
  <datafield tag="899" ind1=" " ind2=" ">
    <subfield code="a">Biblioteca civica. Verona</subfield>
    <subfield code="1">VR0059</subfield>
    <subfield code="2">ZVR 02</subfield>
  </datafield>
  <datafield tag="911" ind1=" " ind2=" ">
    <subfield code="a">Sul front.</subfield>
    <subfield code="9">IT\ICCU\CNCM\001295</subfield>
  </datafield>
  <datafield tag="911" ind1=" " ind2=" ">
    <subfield code="a">Nelle testate interne.</subfield>
    <subfield code="9">IT\ICCU\CNCM\002364</subfield>
  </datafield>
  <datafield tag="921" ind1=" " ind2=" ">
    <subfield code="a">IT\ICCU\CNCM\001295</subfield>
    <subfield code="b">Pianta di porro. Nella cornice del frontespizio.</subfield>
    <subfield code="e">Virescit</subfield>
    <subfield code="c">U274</subfield>
    <subfield code="d">Dimensioni dell&apos;ovale: 1,5 x 2</subfield>
    <subfield code="f">PORRO</subfield>
    <subfield code="g">1589</subfield>
  </datafield>
  <datafield tag="921" ind1=" " ind2=" ">
    <subfield code="a">IT\ICCU\CNCM\002364</subfield>
    <subfield code="b">Anfora inclinata da cui cadono gocce su una pianta. In fregio con altre anfore con volti umani.</subfield>
    <subfield code="e">A poco a poco</subfield>
    <subfield code="c">U895</subfield>
    <subfield code="d">Dimensioni: 2,2 x 10,7</subfield>
    <subfield code="f">ANFORA</subfield>
    <subfield code="f">APOCOAPOCO</subfield>
    <subfield code="g">1581-1599</subfield>
  </datafield>
</record>
</collection>
